<?xml version="1.0" encoding="UTF-8"?><collection xmlns="http://www.loc.gov/MARC21/slim"><record><leader>00397nam--2200133-i-4500</leader><controlfield tag="001">000034252</controlfield><controlfield tag="002">20161230</controlfield><controlfield tag="005">20161230201039</controlfield><controlfield tag="008">060222s1000------------r-----000-0-eng-d</controlfield><datafield ind1=" " ind2=" " tag="080"><subfield code="a">541.1:530.145</subfield></datafield><datafield ind1=" " ind2=" " tag="100"><subfield code="a">Munsch, Bernard</subfield></datafield><datafield ind1=" " ind2=" " tag="245"><subfield code="a">Etude theorique de barrieres d`inversion de composes de l`azote et du phosphore. these</subfield></datafield><datafield ind1=" " ind2=" " tag="260"><subfield code="a">Strasbourg, Faculte Des Sciences, 1970, 244p</subfield></datafield><datafield ind1=" " ind2=" " tag="852"><subfield code="a">35787</subfield></datafield></record></collection>